@article{mil,
  author    = {Boris Babenko},
  title     = {Multiple instance learning: algorithms and applications},
  year      = {2008},
}

@article{hou_MIL,
	author    = {Le Hou and
	Dimitris Samaras and
	Tahsin M. Kur{\c{c}} and
	Yi Gao and
	James E. Davis and
	Joel H. Saltz},
	title     = {Efficient Multiple Instance Convolutional Neural Networks for Gigapixel
	Resolution Image Classification},
	journal   = {CoRR},
	volume    = {abs/1504.07947},
	year      = {2015},
	url       = {http://arxiv.org/abs/1504.07947},
	archivePrefix = {arXiv},
	eprint    = {1504.07947},
	timestamp = {Mon, 13 Aug 2018 16:46:34 +0200},
	biburl    = {https://dblp.org/rec/journals/corr/HouSKGDS15.bib},
	bibsource = {dblp computer science bibliography, https://dblp.org}
}

@article{resnet,
	author    = {Kaiming He and
	Xiangyu Zhang and
	Shaoqing Ren and
	Jian Sun},
	title     = {Deep Residual Learning for Image Recognition},
	journal   = {CoRR},
	volume    = {abs/1512.03385},
	year      = {2015},
	url       = {http://arxiv.org/abs/1512.03385},
	archivePrefix = {arXiv},
	eprint    = {1512.03385},
	timestamp = {Wed, 17 Apr 2019 17:23:45 +0200},
	biburl    = {https://dblp.org/rec/journals/corr/HeZRS15.bib},
	bibsource = {dblp computer science bibliography, https://dblp.org}
}

@inproceedings{efn,
	author    = {Mingxing Tan and
	Quoc V. Le},
	editor    = {Kamalika Chaudhuri and
	Ruslan Salakhutdinov},
	title     = {EfficientNet: Rethinking Model Scaling for Convolutional Neural Networks},
	booktitle = {Proceedings of the 36th International Conference on Machine Learning,
	{ICML} 2019, 9-15 June 2019, Long Beach, California, {USA}},
	series    = {Proceedings of Machine Learning Research},
	volume    = {97},
	pages     = {6105--6114},
	publisher = {{PMLR}},
	year      = {2019},
	url       = {http://proceedings.mlr.press/v97/tan19a.html},
	timestamp = {Tue, 11 Jun 2019 15:37:38 +0200},
	biburl    = {https://dblp.org/rec/conf/icml/TanL19.bib},
	bibsource = {dblp computer science bibliography, https://dblp.org}
}

@inproceedings{bn,
	author    = {Sergey Ioffe and
	Christian Szegedy},
	editor    = {Francis R. Bach and
	David M. Blei},
	title     = {Batch Normalization: Accelerating Deep Network Training by Reducing
	Internal Covariate Shift},
	booktitle = {Proceedings of the 32nd International Conference on Machine Learning,
	{ICML} 2015, Lille, France, 6-11 July 2015},
	series    = {{JMLR} Workshop and Conference Proceedings},
	volume    = {37},
	pages     = {448--456},
	publisher = {JMLR.org},
	year      = {2015},
	url       = {http://proceedings.mlr.press/v37/ioffe15.html},
	timestamp = {Wed, 29 May 2019 08:41:45 +0200},
	biburl    = {https://dblp.org/rec/conf/icml/IoffeS15.bib},
	bibsource = {dblp computer science bibliography, https://dblp.org}
}

@inproceedings{focal,
	author    = {Tsung{-}Yi Lin and
	Priya Goyal and
	Ross B. Girshick and
	Kaiming He and
	Piotr Doll{\'{a}}r},
	title     = {Focal Loss for Dense Object Detection},
	booktitle = {{IEEE} International Conference on Computer Vision, {ICCV} 2017, Venice,
	Italy, October 22-29, 2017},
	pages     = {2999--3007},
	publisher = {{IEEE} Computer Society},
	year      = {2017},
	url       = {https://doi.org/10.1109/ICCV.2017.324},
	doi       = {10.1109/ICCV.2017.324},
	timestamp = {Wed, 16 Oct 2019 14:14:51 +0200},
	biburl    = {https://dblp.org/rec/conf/iccv/LinGGHD17.bib},
	bibsource = {dblp computer science bibliography, https://dblp.org}
}